<?xml version="1.0" encoding="UTF-8"?><collection xmlns="http://www.loc.gov/MARC21/slim"><record><leader>00596nam--2200181-i-4500</leader><controlfield tag="001">000020218</controlfield><controlfield tag="002">20161230</controlfield><controlfield tag="005">20161230201033</controlfield><controlfield tag="008">060222s1000------------r-----000-0-fre-d</controlfield><datafield ind1=" " ind2=" " tag="040"><subfield code="a">IFIN-HH</subfield></datafield><datafield ind1=" " ind2=" " tag="041"><subfield code="a">fre</subfield></datafield><datafield ind1=" " ind2=" " tag="080"><subfield code="a">539.12.162.7(043)</subfield></datafield><datafield ind1="1" ind2=" " tag="100"><subfield code="a">Favier, Bernard</subfield></datafield><datafield ind1="1" ind2="0" tag="245"><subfield code="a">Mesure du pouvoir d`analyse du carbone a 299, 380,483 et 561 mev et mesure des parametres de spin d,r,a, et p aux petits angles de la diffusion elastique p-p a 392 mev</subfield><subfield code="b">These</subfield><subfield code="c">Bernard favier</subfield></datafield><datafield ind1=" " ind2=" " tag="260"><subfield code="a">Geneve</subfield><subfield code="b">Universite</subfield><subfield code="c">1979</subfield></datafield><datafield ind1=" " ind2=" " tag="300"><subfield code="a">80 P</subfield></datafield><datafield ind1=" " ind2=" " tag="852"><subfield code="a">75729</subfield><subfield code="c">539.12</subfield></datafield><datafield ind1=" " ind2=" " tag="CAT"><subfield code="a">Sys</subfield><subfield code="c">20120118</subfield><subfield code="h">171051</subfield></datafield></record></collection>